

Run Date,Action,Symbol,Description,Type,Price ($),Quantity,Commission ($),Fees ($),Accrued Interest ($),Amount ($),Cash Balance ($),Settlement Date
12/31/2024,"REINVESTMENT FIDELITY GOVERNMENT MONEY MARKET (SPAXX) (Cash)",SPAXX,"FIDELITY GOVERNMENT MONEY MARKET",Cash,1,23.85,,,,-23.85,3904.63,
12/31/2024,"DIVIDEND RECEIVED FIDELITY GOVERNMENT MONEY MARKET (SPAXX) (Cash)",SPAXX,"FIDELITY GOVERNMENT MONEY MARKET",Cash,,0.000,,,,23.85,3904.63,
12/31/2024,"REINVESTMENT FIMM TREASURY ONLY PORTFOLIO: CL I (FSIXX) (Cash)",FSIXX,"FIMM TREASURY ONLY PORTFOLIO: CL I",Cash,1,26.52,,,,-26.52,3880.78,
12/31/2024,"DIVIDEND RECEIVED FIMM TREASURY ONLY PORTFOLIO: CL I (FSIXX) (Cash)",FSIXX,"FIMM TREASURY ONLY PORTFOLIO: CL I",Cash,,0.000,,,,26.52,3907.30,
12/31/2024,"YOU SOLD OPENING TRANSACTION PUT (MARA) MARA HOLDINGS, INC. JAN 31 25 $20 (100 SHS) (Cash)", -MARA250131P20,"PUT (MARA) MARA HOLDINGS, INC. JAN 31 25 $20 (100 SHS)",Cash,4.02,-1,,0.04,,401.96,3880.78,01/02/2025
12/31/2024,"YOU BOUGHT CLOSING TRANSACTION PUT (MARA) MARA HOLDINGS, INC. JAN 24 25 $20 (100 SHS) (Cash)", -MARA250124P20,"PUT (MARA) MARA HOLDINGS, INC. JAN 24 25 $20 (100 SHS)",Cash,3.82,1,,0.02,,-382.02,3478.82,01/02/2025
12/27/2024,"YOU SOLD OPENING TRANSACTION PUT (MARA) MARA HOLDINGS, INC. JAN 24 25 $20 (100 SHS) (Cash)", -MARA250124P20,"PUT (MARA) MARA HOLDINGS, INC. JAN 24 25 $20 (100 SHS)",Cash,2.87,-1,,0.02,,286.98,3860.84,12/30/2024
12/27/2024,"YOU SOLD OPENING TRANSACTION PUT (RIOT) RIOT PLATFORMS INC JAN 24 25 $11 (100 SHS) (Cash)", -RIOT250124P11,"PUT (RIOT) RIOT PLATFORMS INC JAN 24 25 $11 (100 SHS)",Cash,1.17,-1,,0.02,,116.98,3573.86,12/30/2024
12/27/2024,"YOU SOLD OPENING TRANSACTION CALL (XLE) SELECT SECTOR SPDR FEB 21 25 $90 (100 SHS) (Margin)", -XLE250221C90,"CALL (XLE) SELECT SECTOR SPDR FEB 21 25 $90 (100 SHS)",Margin,1.17,-1,,0.02,,116.98,3456.88,12/30/2024
12/27/2024,"YOU BOUGHT CLOSING TRANSACTION PUT (RIOT) RIOT PLATFORMS INC JAN 17 25 $11 (100 SHS) (Cash)", -RIOT250117P11,"PUT (RIOT) RIOT PLATFORMS INC JAN 17 25 $11 (100 SHS)",Cash,1.03,1,,0.02,,-103.02,3339.90,12/30/2024
12/27/2024,"YOU BOUGHT CLOSING TRANSACTION PUT (MARA) MARATHON DIGITAL JAN 17 25 $20 (100 SHS) (Cash)", -MARA250117P20,"PUT (MARA) MARATHON DIGITAL JAN 17 25 $20 (100 SHS)",Cash,2.62,1,,0.02,,-262.02,3442.92,12/30/2024
12/26/2024,"DIVIDEND RECEIVED SELECT SECTOR SPDR TRUST STATE STREE... (XLE) (Margin)",XLE,"SELECT SECTOR SPDR TRUST STATE STREET E",Margin,,0.000,,,,70,3704.94,
12/24/2024,"YOU SOLD OPENING TRANSACTION CALL (INTC) INTEL CORP COM JAN 17 25 $23 (100 SHS) (Margin)", -INTC250117C23,"CALL (INTC) INTEL CORP COM JAN 17 25 $23 (100 SHS)",Margin,0.21,-1,,0.02,,20.98,3634.94,12/26/2024
12/20/2024,"TRANSFERRED FROM VS X41-493805-1 (Cash)", ,"No Description",Cash,,0.000,,,,100,3613.96,
12/19/2024,"YOU BOUGHT CLOSING TRANSACTION CALL (XLE) SELECT SECTOR SPDR JAN 17 25 $90 (100 SHS) (Margin)", -XLE250117C90,"CALL (XLE) SELECT SECTOR SPDR JAN 17 25 $90 (100 SHS)",Margin,0.52,1,,0.02,,-52.02,3513.96,12/20/2024
12/19/2024,"TRANSFERRED FROM VS X41-493805-1 (Cash)", ,"No Description",Cash,,0.000,,,,500,3565.98,
12/18/2024,"YOU BOUGHT CLOSING TRANSACTION CALL (INTC) INTEL CORP COM JAN 24 25 $24 (100 SHS) (Margin)", -INTC250124C24,"CALL (INTC) INTEL CORP COM JAN 24 25 $24 (100 SHS)",Margin,0.34,1,,0.02,,-34.02,3065.98,12/19/2024
12/18/2024,"YOU BOUGHT PROSPECTUS UNDER SEPARATE COVER FIMM TREASURY ONLY PORTFOLIO: CL I (FSIXX) (Cash)",FSIXX,"FIMM TREASURY ONLY PORTFOLIO: CL I",Cash,1,11000,,,,-11000,3100.00,12/18/2024
12/18/2024,"REDEMPTION FROM CORE ACCOUNT FIMM TREASURY ONLY PORTFOLIO: CL I (FSIXX) (Cash)",FSIXX,"FIMM TREASURY ONLY PORTFOLIO: CL I",Cash,1,-3416.89,,,,3416.89,14100.00,
12/17/2024,"YOU SOLD OPENING TRANSACTION CALL (XLE) SELECT SECTOR SPDR JAN 17 25 $90 (100 SHS) (Margin)", -XLE250117C90,"CALL (XLE) SELECT SECTOR SPDR JAN 17 25 $90 (100 SHS)",Margin,0.71,-1,,0.02,,70.98,10683.11,12/18/2024
12/16/2024,"YOU BOUGHT CLOSING TRANSACTION CALL (XLE) SELECT SECTOR SPDR JAN 17 25 $92 (100 SHS) (Margin)", -XLE250117C92,"CALL (XLE) SELECT SECTOR SPDR JAN 17 25 $92 (100 SHS)",Margin,0.85,1,,0.02,,-85.02,10612.13,12/17/2024
12/13/2024,"YOU SOLD OPENING TRANSACTION CALL (INTC) INTEL CORP COM JAN 24 25 $24 (100 SHS) (Margin)", -INTC250124C24,"CALL (INTC) INTEL CORP COM JAN 24 25 $24 (100 SHS)",Margin,0.46,-1,,0.02,,45.98,10697.15,12/16/2024
12/13/2024,"YOU SOLD OPENING TRANSACTION CALL (XLE) SELECT SECTOR SPDR JAN 17 25 $92 (100 SHS) (Margin)", -XLE250117C92,"CALL (XLE) SELECT SECTOR SPDR JAN 17 25 $92 (100 SHS)",Margin,1.06,-1,,0.02,,105.98,10651.17,12/16/2024
12/13/2024,"YOU BOUGHT CLOSING TRANSACTION CALL (XLE) SELECT SECTOR SPDR JAN 17 25 $94 (100 SHS) (Margin)", -XLE250117C94,"CALL (XLE) SELECT SECTOR SPDR JAN 17 25 $94 (100 SHS)",Margin,0.59,1,,0.02,,-59.02,10545.19,12/16/2024
12/13/2024,"YOU BOUGHT CLOSING TRANSACTION CALL (INTC) INTEL CORP COM JAN 17 25 $24 (100 SHS) (Margin)", -INTC250117C24,"CALL (INTC) INTEL CORP COM JAN 17 25 $24 (100 SHS)",Margin,0.37,1,,0.02,,-37.02,10604.21,12/16/2024
12/12/2024,"YOU SOLD OPENING TRANSACTION CALL (XLE) SELECT SECTOR SPDR JAN 17 25 $94 (100 SHS) (Margin)", -XLE250117C94,"CALL (XLE) SELECT SECTOR SPDR JAN 17 25 $94 (100 SHS)",Margin,0.78,-1,,0.02,,77.98,10641.23,12/13/2024
12/12/2024,"YOU SOLD OPENING TRANSACTION PUT (RIOT) RIOT PLATFORMS INC JAN 17 25 $11 (100 SHS) (Cash)", -RIOT250117P11,"PUT (RIOT) RIOT PLATFORMS INC JAN 17 25 $11 (100 SHS)",Cash,0.71,-1,,0.02,,70.98,10563.25,12/13/2024
12/12/2024,"YOU BOUGHT CLOSING TRANSACTION CALL (XLE) SELECT SECTOR SPDR JAN 17 25 $95 (100 SHS) (Margin)", -XLE250117C95,"CALL (XLE) SELECT SECTOR SPDR JAN 17 25 $95 (100 SHS)",Margin,0.55,1,,0.02,,-55.02,10492.27,12/13/2024
12/12/2024,"YOU BOUGHT CLOSING TRANSACTION PUT (RIOT) RIOT PLATFORMS INC JAN 17 25 $10 (100 SHS) (Cash)", -RIOT250117P10,"PUT (RIOT) RIOT PLATFORMS INC JAN 17 25 $10 (100 SHS)",Cash,0.41,1,,0.02,,-41.02,10547.29,12/13/2024
12/09/2024,"YOU BOUGHT CLOSING TRANSACTION PUT (MARA) MARATHON DIGITAL DEC 20 24 $20 (100 SHS) (Cash)", -MARA241220P20,"PUT (MARA) MARATHON DIGITAL DEC 20 24 $20 (100 SHS)",Cash,0.26,1,,0.02,,-26.02,10588.31,12/10/2024
12/09/2024,"YOU SOLD OPENING TRANSACTION PUT (MARA) MARATHON DIGITAL JAN 17 25 $20 (100 SHS) (Cash)", -MARA250117P20,"PUT (MARA) MARATHON DIGITAL JAN 17 25 $20 (100 SHS)",Cash,1.23,-1,,0.02,,122.98,10614.33,12/10/2024
12/06/2024,"YOU SOLD OPENING TRANSACTION CALL (INTC) INTEL CORP COM JAN 17 25 $24 (100 SHS) (Margin)", -INTC250117C24,"CALL (INTC) INTEL CORP COM JAN 17 25 $24 (100 SHS)",Margin,0.47,-1,,0.02,,46.98,10491.35,12/09/2024
12/05/2024,"YOU BOUGHT CLOSING TRANSACTION CALL (SPXW) NEW S & P 500 INDEX DEC 05 24 $6095 (100 SHS) (Margin)", -SPXW241205C6095,"CALL (SPXW) NEW S & P 500 INDEX DEC 05 24 $6095 (100 SHS)",Margin,2.85,1,,0.02,,-285.02,10444.37,12/06/2024
12/05/2024,"YOU SOLD OPENING TRANSACTION CALL (SPXW) NEW S & P 500 INDEX DEC 05 24 $6095 (100 SHS) (Margin)", -SPXW241205C6095,"CALL (SPXW) NEW S & P 500 INDEX DEC 05 24 $6095 (100 SHS)",Margin,3.77,-1,,0.02,,376.98,10729.39,12/06/2024
12/05/2024,"YOU BOUGHT OPENING TRANSACTION CALL (SPXW) NEW S & P 500 INDEX DEC 05 24 $6100 (100 SHS) (Margin)", -SPXW241205C6100,"CALL (SPXW) NEW S & P 500 INDEX DEC 05 24 $6100 (100 SHS)",Margin,2.27,1,,0.02,,-227.02,10352.41,12/06/2024
12/05/2024,"YOU SOLD CLOSING TRANSACTION CALL (SPXW) NEW S & P 500 INDEX DEC 05 24 $6100 (100 SHS) (Margin)", -SPXW241205C6100,"CALL (SPXW) NEW S & P 500 INDEX DEC 05 24 $6100 (100 SHS)",Margin,1.65,-1,,0.02,,164.98,10579.43,12/06/2024
12/05/2024,"YOU BOUGHT CLOSING TRANSACTION CALL (INTC) INTEL CORP COM JAN 17 25 $26 (100 SHS) (Margin)", -INTC250117C26,"CALL (INTC) INTEL CORP COM JAN 17 25 $26 (100 SHS)",Margin,0.3,1,,0.02,,-30.02,10414.45,12/06/2024
12/04/2024,"YOU BOUGHT OPENING TRANSACTION CALL (SPXW) NEW S & P 500 INDEX DEC 04 24 $6080 (100 SHS) (Margin)", -SPXW241204C6080,"CALL (SPXW) NEW S & P 500 INDEX DEC 04 24 $6080 (100 SHS)",Margin,2.75,1,,0.02,,-275.02,10444.47,12/05/2024
12/04/2024,"YOU SOLD CLOSING TRANSACTION CALL (SPXW) NEW S & P 500 INDEX DEC 04 24 $6080 (100 SHS) (Margin)", -SPXW241204C6080,"CALL (SPXW) NEW S & P 500 INDEX DEC 04 24 $6080 (100 SHS)",Margin,2.91,-1,,0.02,,290.98,10719.49,12/05/2024
12/04/2024,"YOU BOUGHT CLOSING TRANSACTION CALL (SPXW) NEW S & P 500 INDEX DEC 04 24 $6075 (100 SHS) (Margin)", -SPXW241204C6075,"CALL (SPXW) NEW S & P 500 INDEX DEC 04 24 $6075 (100 SHS)",Margin,4.71,1,,0.02,,-471.02,10428.51,12/05/2024
12/04/2024,"YOU SOLD OPENING TRANSACTION CALL (SPXW) NEW S & P 500 INDEX DEC 04 24 $6075 (100 SHS) (Margin)", -SPXW241204C6075,"CALL (SPXW) NEW S & P 500 INDEX DEC 04 24 $6075 (100 SHS)",Margin,4.4,-1,,0.02,,439.98,10899.53,12/05/2024
12/04/2024,"YOU SOLD OPENING TRANSACTION CALL (XLE) SELECT SECTOR SPDR JAN 17 25 $95 (100 SHS) (Margin)", -XLE250117C95,"CALL (XLE) SELECT SECTOR SPDR JAN 17 25 $95 (100 SHS)",Margin,1.15,-1,,0.02,,114.98,10459.55,12/05/2024
12/03/2024,"YOU BOUGHT CLOSING TRANSACTION CALL (SPXW) NEW S & P 500 INDEX DEC 03 24 $6045 (100 SHS) (Margin)", -SPXW241203C6045,"CALL (SPXW) NEW S & P 500 INDEX DEC 03 24 $6045 (100 SHS)",Margin,5.44,1,,0.02,,-544.02,10344.57,12/04/2024
12/03/2024,"YOU SOLD OPENING TRANSACTION CALL (SPXW) NEW S & P 500 INDEX DEC 03 24 $6045 (100 SHS) (Margin)", -SPXW241203C6045,"CALL (SPXW) NEW S & P 500 INDEX DEC 03 24 $6045 (100 SHS)",Margin,7,-1,,0.02,,699.98,10888.59,12/04/2024
12/03/2024,"YOU BOUGHT OPENING TRANSACTION PUT (SPXW) NEW S & P 500 INDEX DEC 03 24 $6045 (100 SHS) (Margin)", -SPXW241203P6045,"PUT (SPXW) NEW S & P 500 INDEX DEC 03 24 $6045 (100 SHS)",Margin,8.3,1,,0.02,,-830.02,10188.61,12/04/2024
12/03/2024,"YOU SOLD CLOSING TRANSACTION PUT (SPXW) NEW S & P 500 INDEX DEC 03 24 $6045 (100 SHS) (Margin)", -SPXW241203P6045,"PUT (SPXW) NEW S & P 500 INDEX DEC 03 24 $6045 (100 SHS)",Margin,10.1,-1,,0.02,,1009.98,11018.63,12/04/2024
12/03/2024,"YOU BOUGHT OPENING TRANSACTION CALL (SPXW) NEW S & P 500 INDEX DEC 03 24 $6050 (100 SHS) (Margin)", -SPXW241203C6050,"CALL (SPXW) NEW S & P 500 INDEX DEC 03 24 $6050 (100 SHS)",Margin,4.85,1,,0.02,,-485.02,10008.65,12/04/2024
12/03/2024,"YOU SOLD CLOSING TRANSACTION CALL (SPXW) NEW S & P 500 INDEX DEC 03 24 $6050 (100 SHS) (Margin)", -SPXW241203C6050,"CALL (SPXW) NEW S & P 500 INDEX DEC 03 24 $6050 (100 SHS)",Margin,3.14,-1,,0.02,,313.98,10493.67,12/04/2024
12/03/2024,"YOU BOUGHT CLOSING TRANSACTION PUT (SPXW) NEW S & P 500 INDEX DEC 03 24 $6050 (100 SHS) (Margin)", -SPXW241203P6050,"PUT (SPXW) NEW S & P 500 INDEX DEC 03 24 $6050 (100 SHS)",Margin,12.9,1,,0.02,,-1290.02,10179.69,12/04/2024
12/03/2024,"YOU SOLD OPENING TRANSACTION PUT (SPXW) NEW S & P 500 INDEX DEC 03 24 $6050 (100 SHS) (Margin)", -SPXW241203P6050,"PUT (SPXW) NEW S & P 500 INDEX DEC 03 24 $6050 (100 SHS)",Margin,10.6,-1,,0.02,,1059.98,11469.71,12/04/2024
12/03/2024,"TRANSFERRED FROM VS X41-493805-1 (Cash)", ,"No Description",Cash,,0.000,,,,10000,10409.73,
12/02/2024,"YOU BOUGHT CLOSING TRANSACTION PUT (SPXW) NEW S & P 500 INDEX DEC 02 24 $6035 (100 SHS) (Margin)", -SPXW241202P6035,"PUT (SPXW) NEW S & P 500 INDEX DEC 02 24 $6035 (100 SHS)",Margin,0.97,1,,0.02,,-97.02,409.73,12/03/2024
12/02/2024,"YOU SOLD OPENING TRANSACTION PUT (SPXW) NEW S & P 500 INDEX DEC 02 24 $6035 (100 SHS) (Margin)", -SPXW241202P6035,"PUT (SPXW) NEW S & P 500 INDEX DEC 02 24 $6035 (100 SHS)",Margin,6.04,-1,,0.02,,603.98,506.75,12/03/2024
12/02/2024,"YOU BOUGHT OPENING TRANSACTION PUT (SPXW) NEW S & P 500 INDEX DEC 02 24 $6030 (100 SHS) (Margin)", -SPXW241202P6030,"PUT (SPXW) NEW S & P 500 INDEX DEC 02 24 $6030 (100 SHS)",Margin,4.74,1,,0.02,,-474.02,-97.23,12/03/2024
12/02/2024,"YOU SOLD CLOSING TRANSACTION PUT (SPXW) NEW S & P 500 INDEX DEC 02 24 $6030 (100 SHS) (Margin)", -SPXW241202P6030,"PUT (SPXW) NEW S & P 500 INDEX DEC 02 24 $6030 (100 SHS)",Margin,0.57,-1,,0.02,,56.98,376.79,12/03/2024
12/02/2024,"YOU BOUGHT CLOSING TRANSACTION CALL (XLE) SELECT SECTOR SPDR JAN 17 25 $100 (100 SHS) (Margin)", -XLE250117C100,"CALL (XLE) SELECT SECTOR SPDR JAN 17 25 $100 (100 SHS)",Margin,0.75,1,,0.02,,-75.02,319.81,12/03/2024
11/29/2024,"REINVESTMENT FIDELITY GOVERNMENT MONEY MARKET (SPAXX) (Cash)",SPAXX,"FIDELITY GOVERNMENT MONEY MARKET",Cash,1,0.25,,,,-0.25,394.83,
11/29/2024,"DIVIDEND RECEIVED FIDELITY GOVERNMENT MONEY MARKET (SPAXX) (Cash)",SPAXX,"FIDELITY GOVERNMENT MONEY MARKET",Cash,,0.000,,,,0.25,394.83,
11/29/2024,"REINVESTMENT FIMM TREASURY ONLY PORTFOLIO: CL I (FSIXX) (Cash)",FSIXX,"FIMM TREASURY ONLY PORTFOLIO: CL I",Cash,1,16,,,,-16,394.58,
11/29/2024,"DIVIDEND RECEIVED FIMM TREASURY ONLY PORTFOLIO: CL I (FSIXX) (Cash)",FSIXX,"FIMM TREASURY ONLY PORTFOLIO: CL I",Cash,,0.000,,,,16,410.58,
11/29/2024,"YOU SOLD OPENING TRANSACTION CALL (INTC) INTEL CORP COM JAN 17 25 $26 (100 SHS) (Margin)", -INTC250117C26,"CALL (INTC) INTEL CORP COM JAN 17 25 $26 (100 SHS)",Margin,0.81,-1,,0.03,,80.97,394.58,12/02/2024
11/29/2024,"YOU SOLD OPENING TRANSACTION PUT (MARA) MARATHON DIGITAL DEC 20 24 $20 (100 SHS) (Cash)", -MARA241220P20,"PUT (MARA) MARATHON DIGITAL DEC 20 24 $20 (100 SHS)",Cash,0.49,-1,,0.03,,48.97,313.61,12/02/2024
11/27/2024,"YOU BOUGHT OPENING TRANSACTION PUT (SPXW) NEW S & P 500 INDEX NOV 27 24 $6020 (100 SHS) (Margin)", -SPXW241127P6020,"PUT (SPXW) NEW S & P 500 INDEX NOV 27 24 $6020 (100 SHS)",Margin,13.42,1,,0.03,,-1342.03,264.64,11/29/2024
11/27/2024,"YOU SOLD CLOSING TRANSACTION PUT (SPXW) NEW S & P 500 INDEX NOV 27 24 $6020 (100 SHS) (Margin)", -SPXW241127P6020,"PUT (SPXW) NEW S & P 500 INDEX NOV 27 24 $6020 (100 SHS)",Margin,12.7,-1,,0.03,,1269.97,1606.67,11/29/2024
11/27/2024,"YOU BOUGHT CLOSING TRANSACTION CALL (SPXW) NEW S & P 500 INDEX NOV 27 24 $6020 (100 SHS) (Margin)", -SPXW241127C6020,"CALL (SPXW) NEW S & P 500 INDEX NOV 27 24 $6020 (100 SHS)",Margin,1.62,1,,0.03,,-162.03,336.70,11/29/2024
11/27/2024,"YOU SOLD OPENING TRANSACTION CALL (SPXW) NEW S & P 500 INDEX NOV 27 24 $6020 (100 SHS) (Margin)", -SPXW241127C6020,"CALL (SPXW) NEW S & P 500 INDEX NOV 27 24 $6020 (100 SHS)",Margin,7.75,-1,,0.03,,774.97,498.73,11/29/2024
11/27/2024,"YOU BOUGHT OPENING TRANSACTION CALL (SPXW) NEW S & P 500 INDEX NOV 27 24 $6025 (100 SHS) (Margin)", -SPXW241127C6025,"CALL (SPXW) NEW S & P 500 INDEX NOV 27 24 $6025 (100 SHS)",Margin,5.6,1,,0.03,,-560.03,-276.24,11/29/2024
11/27/2024,"YOU SOLD CLOSING TRANSACTION CALL (SPXW) NEW S & P 500 INDEX NOV 27 24 $6025 (100 SHS) (Margin)", -SPXW241127C6025,"CALL (SPXW) NEW S & P 500 INDEX NOV 27 24 $6025 (100 SHS)",Margin,0.97,-1,,0.03,,96.97,283.79,11/29/2024
11/27/2024,"YOU BOUGHT CLOSING TRANSACTION PUT (SPXW) NEW S & P 500 INDEX NOV 27 24 $6025 (100 SHS) (Margin)", -SPXW241127P6025,"PUT (SPXW) NEW S & P 500 INDEX NOV 27 24 $6025 (100 SHS)",Margin,15.7,1,,0.03,,-1570.03,186.82,11/29/2024
11/27/2024,"YOU SOLD OPENING TRANSACTION PUT (SPXW) NEW S & P 500 INDEX NOV 27 24 $6025 (100 SHS) (Margin)", -SPXW241127P6025,"PUT (SPXW) NEW S & P 500 INDEX NOV 27 24 $6025 (100 SHS)",Margin,16.42,-1,,0.03,,1641.97,1756.85,11/29/2024
11/27/2024,"REDEMPTION FROM CORE ACCOUNT FIMM TREASURY ONLY PORTFOLIO: CL I (FSIXX) (Cash)",FSIXX,"FIMM TREASURY ONLY PORTFOLIO: CL I",Cash,1,-18.03,,,,18.03,114.88,
11/26/2024,"YOU BOUGHT CLOSING TRANSACTION CALL (INTC) INTEL CORP COM DEC 13 24 $27 (100 SHS) (Margin)", -INTC241213C27,"CALL (INTC) INTEL CORP COM DEC 13 24 $27 (100 SHS)",Margin,0.18,1,,0.03,,-18.03,96.85,11/27/2024
11/26/2024,"REDEMPTION FROM CORE ACCOUNT FIMM TREASURY ONLY PORTFOLIO: CL I (FSIXX) (Cash)",FSIXX,"FIMM TREASURY ONLY PORTFOLIO: CL I",Cash,1,-163.15,,,,163.15,114.88,
11/25/2024,"YOU BOUGHT CLOSING TRANSACTION PUT (AAL) AMERICAN AIRLINES DEC 20 24 $13.5 (100 SHS) (Cash)", -AAL241220P13.5,"PUT (AAL) AMERICAN AIRLINES DEC 20 24 $13.5 (100 SHS)",Cash,0.16,1,,0.03,,-16.03,-48.27,11/26/2024
11/25/2024,"YOU BOUGHT CLOSING TRANSACTION PUT (RIOT) RIOT PLATFORMS INC NOV 29 24 $10.5 (100 SHS) (Cash)", -RIOT241129P10.5,"PUT (RIOT) RIOT PLATFORMS INC NOV 29 24 $10.5 (100 SHS)",Cash,0.1,1,,0.03,,-10.03,-32.24,11/26/2024
11/25/2024,"YOU SOLD OPENING TRANSACTION CALL (XLE) SELECT SECTOR SPDR JAN 17 25 $100 (100 SHS) (Margin)", -XLE250117C100,"CALL (XLE) SELECT SECTOR SPDR JAN 17 25 $100 (100 SHS)",Margin,1.06,-1,,0.03,,105.97,-22.21,11/26/2024
11/25/2024,"YOU BOUGHT CLOSING TRANSACTION CALL (XLE) SELECT SECTOR SPDR JAN 17 25 $95 (100 SHS) (Margin)", -XLE250117C95,"CALL (XLE) SELECT SECTOR SPDR JAN 17 25 $95 (100 SHS)",Margin,3.25,1,,0.03,,-325.03,-128.18,11/26/2024
11/25/2024,"YOU SOLD OPENING TRANSACTION PUT (RIOT) RIOT PLATFORMS INC JAN 17 25 $10 (100 SHS) (Cash)", -RIOT250117P10,"PUT (RIOT) RIOT PLATFORMS INC JAN 17 25 $10 (100 SHS)",Cash,0.82,-1,,0.03,,81.97,196.85,11/26/2024
11/22/2024,"YOU SOLD OPENING TRANSACTION PUT (AAL) AMERICAN AIRLINES DEC 20 24 $13.5 (100 SHS) (Cash)", -AAL241220P13.5,"PUT (AAL) AMERICAN AIRLINES DEC 20 24 $13.5 (100 SHS)",Cash,0.31,-1,,0.03,,30.97,114.88,11/25/2024
11/20/2024,"YOU SOLD OPENING TRANSACTION PUT (RIOT) RIOT PLATFORMS INC NOV 29 24 $10.5 (100 SHS) (Cash)", -RIOT241129P10.5,"PUT (RIOT) RIOT PLATFORMS INC NOV 29 24 $10.5 (100 SHS)",Cash,0.24,-1,,0.03,,23.97,83.91,11/21/2024
11/18/2024,"YOU BOUGHT CLOSING TRANSACTION CALL (XLE) SELECT SECTOR SPDR DEC 20 24 $95 (100 SHS) (Margin)", -XLE241220C95,"CALL (XLE) SELECT SECTOR SPDR DEC 20 24 $95 (100 SHS)",Margin,2.66,1,,0.03,,-266.03,59.94,11/19/2024
11/18/2024,"YOU SOLD OPENING TRANSACTION CALL (XLE) SELECT SECTOR SPDR JAN 17 25 $95 (100 SHS) (Margin)", -XLE250117C95,"CALL (XLE) SELECT SECTOR SPDR JAN 17 25 $95 (100 SHS)",Margin,3.26,-1,,0.03,,325.97,325.97,11/19/2024
11/12/2024,"REDEMPTION FROM CORE ACCOUNT FIMM TREASURY ONLY PORTFOLIO: CL I (FSIXX) (Cash)",FSIXX,"FIMM TREASURY ONLY PORTFOLIO: CL I",Cash,1,-443.52,,,,443.52,0.00,
11/11/2024,"YOU BOUGHT OPENING TRANSACTION CALL (SPXW) NEW S & P 500 INDEX NOV 11 24 $6020 (100 SHS) (Margin)", -SPXW241111C6020,"CALL (SPXW) NEW S & P 500 INDEX NOV 11 24 $6020 (100 SHS)",Margin,8,1,,0.03,,-800.03,-443.52,11/12/2024
11/11/2024,"YOU SOLD CLOSING TRANSACTION CALL (SPXW) NEW S & P 500 INDEX NOV 11 24 $6020 (100 SHS) (Margin)", -SPXW241111C6020,"CALL (SPXW) NEW S & P 500 INDEX NOV 11 24 $6020 (100 SHS)",Margin,2.5,-1,,0.03,,249.97,356.51,11/12/2024
11/08/2024,"YOU BOUGHT OPENING TRANSACTION CALL (SPXW) NEW S & P 500 INDEX NOV 08 24 $5985 (100 SHS) (Cash)", -SPXW241108C5985,"CALL (SPXW) NEW S & P 500 INDEX NOV 08 24 $5985 (100 SHS)",Cash,10.5,1,,0.03,,-1050.03,106.54,11/12/2024
11/08/2024,"YOU SOLD CLOSING TRANSACTION 24313HL6WJ CALL (SPXW) NEW S & P 500 INDEX NOV 08 24 $5985 (100 SHS) (Cash)", -SPXW241108C5985,"CALL (SPXW) NEW S & P 500 INDEX NOV 08 24 $5985 (100 SHS)",Cash,10.9,-1,,0.03,,1089.97,1156.57,11/12/2024
11/05/2024,"YOU SOLD OPENING TRANSACTION CALL (INTC) INTEL CORP COM DEC 13 24 $27 (100 SHS) (Margin)", -INTC241213C27,"CALL (INTC) INTEL CORP COM DEC 13 24 $27 (100 SHS)",Margin,0.43,-1,,0.03,,42.97,66.60,11/06/2024
11/05/2024,"YOU BOUGHT CLOSING TRANSACTION PUT (F) FORD MTR CO DEL COM NOV 29 24 $10.5 (100 SHS) (Cash)", -F241129P10.5,"PUT (F) FORD MTR CO DEL COM NOV 29 24 $10.5 (100 SHS)",Cash,0.37,1,,0.03,,-37.03,23.63,11/06/2024
11/04/2024,"TRANSFER OF ASSETS ACAT RES.CREDIT (Margin)",,"No Description",Margin,,0.000,,,,1.01,60.66,
10/31/2024,"REINVESTMENT FIDELITY GOVERNMENT MONEY MARKET (SPAXX) (Cash)",SPAXX,"FIDELITY GOVERNMENT MONEY MARKET",Cash,1,1.68,,,,-1.68,59.65,
10/31/2024,"DIVIDEND RECEIVED FIDELITY GOVERNMENT MONEY MARKET (SPAXX) (Cash)",SPAXX,"FIDELITY GOVERNMENT MONEY MARKET",Cash,,0.000,,,,1.68,59.65,
10/31/2024,"REINVESTMENT FIMM TREASURY ONLY PORTFOLIO: CL I (FSIXX) (Cash)",FSIXX,"FIMM TREASURY ONLY PORTFOLIO: CL I",Cash,1,12.32,,,,-12.32,57.97,
10/31/2024,"DIVIDEND RECEIVED FIMM TREASURY ONLY PORTFOLIO: CL I (FSIXX) (Cash)",FSIXX,"FIMM TREASURY ONLY PORTFOLIO: CL I",Cash,,0.000,,,,12.32,70.29,
10/29/2024,"YOU SOLD OPENING TRANSACTION PUT (F) FORD MTR CO DEL COM NOV 29 24 $10.5 (100 SHS) (Cash)", -F241129P10.5,"PUT (F) FORD MTR CO DEL COM NOV 29 24 $10.5 (100 SHS)",Cash,0.58,-1,,0.03,,57.97,57.97,10/30/2024
10/29/2024,"YOU BOUGHT PROSPECTUS UNDER SEPARATE COVER FIMM TREASURY ONLY PORTFOLIO: CL I (FSIXX) (Cash)",FSIXX,"FIMM TREASURY ONLY PORTFOLIO: CL I",Cash,1,1582.51,,,,-1582.51,0.00,10/29/2024
10/28/2024,"YOU SOLD OPENING TRANSACTION CALL (XLE) SELECT SECTOR SPDR DEC 20 24 $95 (100 SHS) (Margin)", -XLE241220C95,"CALL (XLE) SELECT SECTOR SPDR DEC 20 24 $95 (100 SHS)",Margin,0.97,-1,,0.03,,96.97,1582.51,10/29/2024
10/23/2024,"TRANSFER OF ASSETS ACAT RECEIVE SELECT SECTOR SPDR TRUST STATE STREE... (XLE) (Margin)",XLE,"SELECT SECTOR SPDR TRUST STATE STREET E",Shares,,100,,,,8981,1485.54,
10/23/2024,"TRANSFER OF ASSETS ACAT RECEIVE (Cash)",,"No Description",Cash,,0.000,,,,-50,1485.54,
10/23/2024,"TRANSFER OF ASSETS ACAT RECEIVE (Margin)",,"No Description",Margin,,0.000,,,,1406.91,1535.54,
10/16/2024,"YOU BOUGHT CLOSING TRANSACTION CALL (INTC) INTEL CORP COM NOV 15 24 $24 (100 SHS) (Margin)", -INTC241115C24,"CALL (INTC) INTEL CORP COM NOV 15 24 $24 (100 SHS)",Margin,0.97,1,,0.03,,-97.03,128.63,10/17/2024
09/30/2024,"REINVESTMENT FIDELITY GOVERNMENT MONEY MARKET (SPAXX) (Cash)",SPAXX,"FIDELITY GOVERNMENT MONEY MARKET",Cash,1,0.73,,,,-0.73,225.66,
09/30/2024,"DIVIDEND RECEIVED FIDELITY GOVERNMENT MONEY MARKET (SPAXX) (Cash)",SPAXX,"FIDELITY GOVERNMENT MONEY MARKET",Cash,,0.000,,,,0.73,225.66,
09/30/2024,"REINVESTMENT FIMM TREASURY ONLY PORTFOLIO: CL I (FSIXX) (Cash)",FSIXX,"FIMM TREASURY ONLY PORTFOLIO: CL I",Cash,1,12.18,,,,-12.18,224.93,
09/30/2024,"DIVIDEND RECEIVED FIMM TREASURY ONLY PORTFOLIO: CL I (FSIXX) (Cash)",FSIXX,"FIMM TREASURY ONLY PORTFOLIO: CL I",Cash,,0.000,,,,12.18,237.11,
09/20/2024,"YOU BOUGHT CLOSING TRANSACTION PUT (AAL) AMERICAN AIRLINES OCT 11 24 $10 (100 SHS) (Cash)", -AAL241011P10,"PUT (AAL) AMERICAN AIRLINES OCT 11 24 $10 (100 SHS)",Cash,0.1,1,,0.03,,-10.03,224.93,09/23/2024
09/19/2024,"REDEMPTION FROM CORE ACCOUNT FIMM TREASURY ONLY PORTFOLIO: CL I (FSIXX) (Cash)",FSIXX,"FIMM TREASURY ONLY PORTFOLIO: CL I",Cash,1,-5.03,,,,5.03,234.96,
09/18/2024,"YOU BOUGHT CLOSING TRANSACTION PUT (F) FORD MTR CO DEL COM OCT 11 24 $10 (100 SHS) (Cash)", -F241011P10,"PUT (F) FORD MTR CO DEL COM OCT 11 24 $10 (100 SHS)",Cash,0.05,1,,0.03,,-5.03,229.93,09/19/2024
09/17/2024,"YOU BOUGHT CLOSING TRANSACTION CALL (INTC) INTEL CORP COM OCT 11 24 $22 (100 SHS) (Margin)", -INTC241011C22,"CALL (INTC) INTEL CORP COM OCT 11 24 $22 (100 SHS)",Margin,1.35,1,,0.03,,-135.03,234.96,09/18/2024
09/17/2024,"YOU SOLD OPENING TRANSACTION CALL (INTC) INTEL CORP COM NOV 15 24 $24 (100 SHS) (Margin)", -INTC241115C24,"CALL (INTC) INTEL CORP COM NOV 15 24 $24 (100 SHS)",Margin,1.54,-1,,0.03,,153.97,369.99,09/18/2024
09/13/2024,"YOU SOLD OPENING TRANSACTION PUT (AAL) AMERICAN AIRLINES OCT 11 24 $10 (100 SHS) (Cash)", -AAL241011P10,"PUT (AAL) AMERICAN AIRLINES OCT 11 24 $10 (100 SHS)",Cash,0.24,-1,,0.03,,23.97,216.02,09/16/2024
09/12/2024,"YOU SOLD OPENING TRANSACTION PUT (F) FORD MTR CO DEL COM OCT 11 24 $10 (100 SHS) (Cash)", -F241011P10,"PUT (F) FORD MTR CO DEL COM OCT 11 24 $10 (100 SHS)",Cash,0.15,-1,,0.03,,14.97,192.05,09/13/2024
09/11/2024,"YOU SOLD OPENING TRANSACTION CALL (INTC) INTEL CORP COM OCT 11 24 $22 (100 SHS) (Margin)", -INTC241011C22,"CALL (INTC) INTEL CORP COM OCT 11 24 $22 (100 SHS)",Margin,0.3,-1,,0.03,,29.97,177.08,09/12/2024
09/04/2024,"YOU BOUGHT CLOSING TRANSACTION CALL (INTC) INTEL CORP COM OCT 04 24 $22 (100 SHS) (Margin)", -INTC241004C22,"CALL (INTC) INTEL CORP COM OCT 04 24 $22 (100 SHS)",Margin,0.35,1,,0.03,,-35.03,147.11,09/05/2024
09/03/2024,"DIVIDEND RECEIVED as of Sep-01-2024 INTEL CORP COM USD0.001 (INTC) (Margin)",INTC,"INTEL CORP COM USD0.001",Margin,,0.000,,,,12.5,182.14,
08/30/2024,"REINVESTMENT FIDELITY GOVERNMENT MONEY MARKET (SPAXX) (Cash)",SPAXX,"FIDELITY GOVERNMENT MONEY MARKET",Cash,1,0.7,,,,-0.7,169.64,
08/30/2024,"DIVIDEND RECEIVED FIDELITY GOVERNMENT MONEY MARKET (SPAXX) (Cash)",SPAXX,"FIDELITY GOVERNMENT MONEY MARKET",Cash,,0.000,,,,0.7,169.64,
08/30/2024,"REINVESTMENT FIMM TREASURY ONLY PORTFOLIO: CL I (FSIXX) (Cash)",FSIXX,"FIMM TREASURY ONLY PORTFOLIO: CL I",Cash,1,12.88,,,,-12.88,168.94,
08/30/2024,"DIVIDEND RECEIVED FIMM TREASURY ONLY PORTFOLIO: CL I (FSIXX) (Cash)",FSIXX,"FIMM TREASURY ONLY PORTFOLIO: CL I",Cash,,0.000,,,,12.88,181.82,
08/29/2024,"YOU SOLD OPENING TRANSACTION CALL (INTC) INTEL CORP COM OCT 04 24 $22 (100 SHS) (Margin)", -INTC241004C22,"CALL (INTC) INTEL CORP COM OCT 04 24 $22 (100 SHS)",Margin,0.48,-1,,0.03,,47.97,168.94,08/30/2024
08/23/2024,"YOU BOUGHT CLOSING TRANSACTION CALL (INTC) INTEL CORP COM SEP 20 24 $20 (100 SHS) (Margin)", -INTC240920C20,"CALL (INTC) INTEL CORP COM SEP 20 24 $20 (100 SHS)",Margin,1.18,1,,0.03,,-118.03,120.97,08/26/2024
08/13/2024,"YOU SOLD OPENING TRANSACTION CALL (INTC) INTEL CORP COM SEP 20 24 $20 (100 SHS) (Margin)", -INTC240920C20,"CALL (INTC) INTEL CORP COM SEP 20 24 $20 (100 SHS)",Margin,1.04,-1,,0.03,,103.97,239.00,08/14/2024
08/12/2024,"YOU BOUGHT CLOSING TRANSACTION CALL (INTC) INTEL CORP COM SEP 13 24 $20 (100 SHS) (Margin)", -INTC240913C20,"CALL (INTC) INTEL CORP COM SEP 13 24 $20 (100 SHS)",Margin,0.75,1,,0.03,,-75.03,135.03,08/13/2024
08/09/2024,"YOU SOLD OPENING TRANSACTION CALL (INTC) INTEL CORP COM SEP 13 24 $20 (100 SHS) (Margin)", -INTC240913C20,"CALL (INTC) INTEL CORP COM SEP 13 24 $20 (100 SHS)",Margin,1,-1,,0.03,,99.97,210.06,08/12/2024
07/31/2024,"REINVESTMENT FIDELITY GOVERNMENT MONEY MARKET (SPAXX) (Cash)",SPAXX,"FIDELITY GOVERNMENT MONEY MARKET",Cash,1,0.45,,,,-0.45,110.09,
07/31/2024,"DIVIDEND RECEIVED FIDELITY GOVERNMENT MONEY MARKET (SPAXX) (Cash)",SPAXX,"FIDELITY GOVERNMENT MONEY MARKET",Cash,,0.000,,,,0.45,110.09,
07/31/2024,"REINVESTMENT FIMM TREASURY ONLY PORTFOLIO: CL I (FSIXX) (Cash)",FSIXX,"FIMM TREASURY ONLY PORTFOLIO: CL I",Cash,1,12.91,,,,-12.91,109.64,
07/31/2024,"DIVIDEND RECEIVED FIMM TREASURY ONLY PORTFOLIO: CL I (FSIXX) (Cash)",FSIXX,"FIMM TREASURY ONLY PORTFOLIO: CL I",Cash,,0.000,,,,12.91,122.55,
07/25/2024,"YOU BOUGHT CLOSING TRANSACTION CALL (INTC) INTEL CORP COM AUG 02 24 $35 (100 SHS) (Margin)", -INTC240802C35,"CALL (INTC) INTEL CORP COM AUG 02 24 $35 (100 SHS)",Margin,0.29,1,,0.03,,-29.03,109.64,07/26/2024
07/22/2024,"YOU BOUGHT CLOSING TRANSACTION PUT (INTC) INTEL CORP COM AUG 16 24 $30 (100 SHS) (Cash)", -INTC240816P30,"PUT (INTC) INTEL CORP COM AUG 16 24 $30 (100 SHS)",Cash,0.48,1,,0.03,,-48.03,138.67,07/23/2024
07/19/2024,"YOU SOLD OPENING TRANSACTION PUT (INTC) INTEL CORP COM AUG 16 24 $30 (100 SHS) (Cash)", -INTC240816P30,"PUT (INTC) INTEL CORP COM AUG 16 24 $30 (100 SHS)",Cash,0.66,-1,,0.03,,65.97,186.70,07/22/2024
07/17/2024,"YOU BOUGHT CLOSING TRANSACTION PUT (INTC) INTEL CORP COM AUG 16 24 $30 (100 SHS) (Cash)", -INTC240816P30,"PUT (INTC) INTEL CORP COM AUG 16 24 $30 (100 SHS)",Cash,0.19,1,,0.03,,-19.03,120.73,07/18/2024
07/16/2024,"YOU SOLD OPENING TRANSACTION PUT (INTC) INTEL CORP COM AUG 16 24 $30 (100 SHS) (Cash)", -INTC240816P30,"PUT (INTC) INTEL CORP COM AUG 16 24 $30 (100 SHS)",Cash,0.39,-1,,0.03,,38.97,139.76,07/17/2024
07/15/2024,"YOU BOUGHT CLOSING TRANSACTION PUT (INTC) INTEL CORP COM AUG 09 24 $30 (100 SHS) (Cash)", -INTC240809P30,"PUT (INTC) INTEL CORP COM AUG 09 24 $30 (100 SHS)",Cash,0.28,1,,0.03,,-28.03,100.79,07/16/2024
07/11/2024,"YOU SOLD OPENING TRANSACTION PUT (INTC) INTEL CORP COM AUG 09 24 $30 (100 SHS) (Cash)", -INTC240809P30,"PUT (INTC) INTEL CORP COM AUG 09 24 $30 (100 SHS)",Cash,0.49,-1,,0.03,,48.97,128.82,07/12/2024
07/09/2024,"YOU BOUGHT CLOSING TRANSACTION PUT (INTC) INTEL CORP COM AUG 09 24 $31 (100 SHS) (Cash)", -INTC240809P31,"PUT (INTC) INTEL CORP COM AUG 09 24 $31 (100 SHS)",Cash,0.58,1,,0.03,,-58.03,79.85,07/10/2024
07/09/2024,"YOU SOLD OPENING TRANSACTION PUT (INTC) INTEL CORP COM AUG 09 24 $31 (100 SHS) (Cash)", -INTC240809P31,"PUT (INTC) INTEL CORP COM AUG 09 24 $31 (100 SHS)",Cash,0.57,-1,,0.03,,56.97,137.88,07/10/2024
07/09/2024,"YOU BOUGHT CLOSING TRANSACTION PUT (INTC) INTEL CORP COM AUG 02 24 $28 (100 SHS) (Cash)", -INTC240802P28,"PUT (INTC) INTEL CORP COM AUG 02 24 $28 (100 SHS)",Cash,0.12,1,,0.03,,-12.03,80.91,07/10/2024
07/05/2024,"REDEMPTION FROM CORE ACCOUNT FIMM TREASURY ONLY PORTFOLIO: CL I (FSIXX) (Cash)",FSIXX,"FIMM TREASURY ONLY PORTFOLIO: CL I",Cash,1,-92.94,,,,92.94,92.94,
07/03/2024,"YOU BOUGHT PROSPECTUS UNDER SEPARATE COVER FIMM TREASURY ONLY PORTFOLIO: CL I (FSIXX) (Cash)",FSIXX,"FIMM TREASURY ONLY PORTFOLIO: CL I",Cash,1,92.94,,,,-92.94,0.00,07/03/2024
07/02/2024,"YOU SOLD OPENING TRANSACTION CALL (INTC) INTEL CORP COM AUG 02 24 $35 (100 SHS) (Margin)", -INTC240802C35,"CALL (INTC) INTEL CORP COM AUG 02 24 $35 (100 SHS)",Margin,0.41,-1,,0.03,,40.97,92.94,07/03/2024
07/02/2024,"YOU SOLD OPENING TRANSACTION PUT (INTC) INTEL CORP COM AUG 02 24 $28 (100 SHS) (Cash)", -INTC240802P28,"PUT (INTC) INTEL CORP COM AUG 02 24 $28 (100 SHS)",Cash,0.52,-1,,0.03,,51.97,51.97,07/03/2024
07/01/2024,"REDEMPTION FROM CORE ACCOUNT FIMM TREASURY ONLY PORTFOLIO: CL I (FSIXX) (Cash)",FSIXX,"FIMM TREASURY ONLY PORTFOLIO: CL I",Cash,1,-0.9,,,,0.9,0.00,
06/28/2024,"DIVIDEND RECEIVED FIDELITY GOVERNMENT MONEY MARKET (SPAXX) (Cash)",SPAXX,"FIDELITY GOVERNMENT MONEY MARKET",Cash,,0.000,,,,0.16,-0.90,
06/28/2024,"REINVESTMENT FIMM TREASURY ONLY PORTFOLIO: CL I (FSIXX) (Cash)",FSIXX,"FIMM TREASURY ONLY PORTFOLIO: CL I",Cash,1,12.28,,,,-12.28,-1.06,
06/28/2024,"DIVIDEND RECEIVED FIMM TREASURY ONLY PORTFOLIO: CL I (FSIXX) (Cash)",FSIXX,"FIMM TREASURY ONLY PORTFOLIO: CL I",Cash,,0.000,,,,12.28,11.22,
06/28/2024,"YOU BOUGHT CLOSING TRANSACTION CALL (INTC) INTEL CORP COM JUL 05 24 $32 (100 SHS) (Margin)", -INTC240705C32,"CALL (INTC) INTEL CORP COM JUL 05 24 $32 (100 SHS)",Margin,0.14,1,,0.03,,-14.03,-1.06,07/01/2024
06/28/2024,"YOU SOLD OPENING TRANSACTION CALL (INTC) INTEL CORP COM JUL 05 24 $32 (100 SHS) (Margin)", -INTC240705C32,"CALL (INTC) INTEL CORP COM JUL 05 24 $32 (100 SHS)",Margin,0.13,-1,,0.03,,12.97,12.97,07/01/2024
06/25/2024,"YOU BOUGHT PROSPECTUS UNDER SEPARATE COVER FIMM TREASURY ONLY PORTFOLIO: CL I (FSIXX) (Cash)",FSIXX,"FIMM TREASURY ONLY PORTFOLIO: CL I",Cash,1,40.06,,,,-40.06,0.00,06/25/2024
06/24/2024,"YOU BOUGHT CLOSING TRANSACTION CALL (INTC) INTEL CORP COM JUL 19 24 $34 (100 SHS) (Margin)", -INTC240719C34,"CALL (INTC) INTEL CORP COM JUL 19 24 $34 (100 SHS)",Margin,0.2,1,,0.03,,-20.03,40.06,06/25/2024
06/10/2024,"YOU SOLD OPENING TRANSACTION CALL (INTC) INTEL CORP COM JUL 19 24 $34 (100 SHS) (Margin)", -INTC240719C34,"CALL (INTC) INTEL CORP COM JUL 19 24 $34 (100 SHS)",Margin,0.41,-1,,0.03,,40.97,60.09,06/11/2024
06/10/2024,"YOU BOUGHT CLOSING TRANSACTION CALL (INTC) INTEL CORP COM JUN 21 24 $33 (100 SHS) (Margin)", -INTC240621C33,"CALL (INTC) INTEL CORP COM JUN 21 24 $33 (100 SHS)",Margin,0.1,1,,0.03,,-10.03,19.12,06/11/2024
05/31/2024,"REINVESTMENT FIDELITY GOVERNMENT MONEY MARKET (SPAXX) (Cash)",SPAXX,"FIDELITY GOVERNMENT MONEY MARKET",Cash,1,3.21,,,,-3.21,29.15,
05/31/2024,"DIVIDEND RECEIVED FIDELITY GOVERNMENT MONEY MARKET (SPAXX) (Cash)",SPAXX,"FIDELITY GOVERNMENT MONEY MARKET",Cash,,0.000,,,,3.21,29.15,
05/31/2024,"REINVESTMENT FIMM TREASURY ONLY PORTFOLIO: CL I (FSIXX) (Cash)",FSIXX,"FIMM TREASURY ONLY PORTFOLIO: CL I",Cash,1,13.8,,,,-13.8,25.94,
05/31/2024,"DIVIDEND RECEIVED FIMM TREASURY ONLY PORTFOLIO: CL I (FSIXX) (Cash)",FSIXX,"FIMM TREASURY ONLY PORTFOLIO: CL I",Cash,,0.000,,,,13.8,39.74,
05/10/2024,"YOU BOUGHT CLOSING TRANSACTION CALL (INTC) INTEL CORP COM JUN 07 24 $34 (100 SHS) (Margin)", -INTC240607C34,"CALL (INTC) INTEL CORP COM JUN 07 24 $34 (100 SHS)",Margin,0.14,1,,0.03,,-14.03,25.94,05/13/2024
05/10/2024,"YOU SOLD OPENING TRANSACTION CALL (INTC) INTEL CORP COM JUN 21 24 $33 (100 SHS) (Margin)", -INTC240621C33,"CALL (INTC) INTEL CORP COM JUN 21 24 $33 (100 SHS)",Margin,0.4,-1,,0.03,,39.97,39.97,05/13/2024
05/08/2024,"REDEMPTION FROM CORE ACCOUNT FIMM TREASURY ONLY PORTFOLIO: CL I (FSIXX) (Cash)",FSIXX,"FIMM TREASURY ONLY PORTFOLIO: CL I",Cash,1,-1053.63,,,,1053.63,0.00,
05/07/2024,"ASSIGNED as of May-06-2024 PUT (INTC) INTEL CORP COM MAY 17 24 $44 (100 SHS) (Cash)", -INTC240517P44,"PUT (INTC) INTEL CORP COM MAY 17 24 $44 (100 SHS)",Cash,,1,,,,0.00,-1053.63,
05/07/2024,"YOU SOLD OPENING TRANSACTION CALL (INTC) INTEL CORP COM JUN 07 24 $34 (100 SHS) (Cash)", -INTC240607C34,"CALL (INTC) INTEL CORP COM JUN 07 24 $34 (100 SHS)",Cash,0.31,-1,,0.03,,30.97,-1053.63,05/08/2024
05/07/2024,"YOU BOUGHT ASSIGNED PUTS AS OF 05-06-24 INTEL CORP COM USD0.001 (INTC) (Cash)",INTC,"INTEL CORP COM USD0.001",Cash,44,100,,,,-4400,-1084.60,05/08/2024
04/30/2024,"REINVESTMENT FIDELITY GOVERNMENT MONEY MARKET (SPAXX) (Cash)",SPAXX,"FIDELITY GOVERNMENT MONEY MARKET",Cash,1,13.37,,,,-13.37,3315.40,
04/30/2024,"DIVIDEND RECEIVED FIDELITY GOVERNMENT MONEY MARKET (SPAXX) (Cash)",SPAXX,"FIDELITY GOVERNMENT MONEY MARKET",Cash,,0.000,,,,13.37,3315.40,
04/30/2024,"REINVESTMENT FIMM TREASURY ONLY PORTFOLIO: CL I (FSIXX) (Cash)",FSIXX,"FIMM TREASURY ONLY PORTFOLIO: CL I",Cash,1,17.13,,,,-17.13,3302.03,
04/30/2024,"DIVIDEND RECEIVED FIMM TREASURY ONLY PORTFOLIO: CL I (FSIXX) (Cash)",FSIXX,"FIMM TREASURY ONLY PORTFOLIO: CL I",Cash,,0.000,,,,17.13,3319.16,
04/26/2024,"REDEMPTION FROM CORE ACCOUNT FIMM TREASURY ONLY PORTFOLIO: CL I (FSIXX) (Cash)",FSIXX,"FIMM TREASURY ONLY PORTFOLIO: CL I",Cash,1,-35.03,,,,35.03,3302.03,
04/25/2024,"YOU BOUGHT CLOSING TRANSACTION PUT (F) FORD MTR CO DEL COM MAY 24 24 $12.5 (100 SHS) (Cash)", -F240524P12.5,"PUT (F) FORD MTR CO DEL COM MAY 24 24 $12.5 (100 SHS)",Cash,0.35,1,,0.03,,-35.03,3267.00,04/26/2024
04/18/2024,"REDEMPTION FROM CORE ACCOUNT FIMM TREASURY ONLY PORTFOLIO: CL I (FSIXX) (Cash)",FSIXX,"FIMM TREASURY ONLY PORTFOLIO: CL I",Cash,1,-154.03,,,,154.03,3302.03,
04/17/2024,"YOU BOUGHT CLOSING TRANSACTION PUT (AAL) AMERICAN AIRLINES MAY 17 24 $15 (100 SHS) (Cash)", -AAL240517P15,"PUT (AAL) AMERICAN AIRLINES MAY 17 24 $15 (100 SHS)",Cash,1.54,1,,0.03,,-154.03,3148.00,04/18/2024
04/16/2024,"YOU SOLD OPENING TRANSACTION PUT (F) FORD MTR CO DEL COM MAY 24 24 $12.5 (100 SHS) (Cash)", -F240524P12.5,"PUT (F) FORD MTR CO DEL COM MAY 24 24 $12.5 (100 SHS)",Cash,0.82,-1,,0.03,,81.97,3302.03,04/17/2024
04/16/2024,"YOU BOUGHT CLOSING TRANSACTION PUT (F) FORD MTR CO DEL COM MAY 10 24 $12.5 (100 SHS) (Cash)", -F240510P12.5,"PUT (F) FORD MTR CO DEL COM MAY 10 24 $12.5 (100 SHS)",Cash,0.77,1,,0.03,,-77.03,3220.06,04/17/2024
04/15/2024,"YOU SOLD OPENING TRANSACTION PUT (F) FORD MTR CO DEL COM MAY 10 24 $12.5 (100 SHS) (Cash)", -F240510P12.5,"PUT (F) FORD MTR CO DEL COM MAY 10 24 $12.5 (100 SHS)",Cash,0.56,-1,,0.03,,55.97,3297.09,04/16/2024
04/15/2024,"YOU BOUGHT CLOSING TRANSACTION PUT (INTC) INTEL CORP COM MAY 03 24 $44 (100 SHS) (Cash)", -INTC240503P44,"PUT (INTC) INTEL CORP COM MAY 03 24 $44 (100 SHS)",Cash,7.84,1,,0.03,,-784.03,3241.12,04/16/2024
04/15/2024,"YOU BOUGHT CLOSING TRANSACTION PUT (F) FORD MTR CO DEL COM MAY 03 24 $12.5 (100 SHS) (Cash)", -F240503P12.5,"PUT (F) FORD MTR CO DEL COM MAY 03 24 $12.5 (100 SHS)",Cash,0.56,1,,0.03,,-56.03,4025.15,04/16/2024
04/15/2024,"YOU SOLD OPENING TRANSACTION PUT (INTC) INTEL CORP COM MAY 17 24 $44 (100 SHS) (Cash)", -INTC240517P44,"PUT (INTC) INTEL CORP COM MAY 17 24 $44 (100 SHS)",Cash,7.93,-1,,0.04,,792.96,4081.18,04/16/2024
04/12/2024,"YOU BOUGHT CLOSING TRANSACTION PUT (AAL) AMERICAN AIRLINES MAY 03 24 $15 (100 SHS) (Cash)", -AAL240503P15,"PUT (AAL) AMERICAN AIRLINES MAY 03 24 $15 (100 SHS)",Cash,1.94,1,,0.03,,-194.03,3288.22,04/15/2024
04/12/2024,"YOU SOLD OPENING TRANSACTION PUT (AAL) AMERICAN AIRLINES MAY 17 24 $15 (100 SHS) (Cash)", -AAL240517P15,"PUT (AAL) AMERICAN AIRLINES MAY 17 24 $15 (100 SHS)",Cash,1.97,-1,,0.03,,196.97,3482.25,04/15/2024
04/03/2024,"YOU SOLD OPENING TRANSACTION PUT (INTC) INTEL CORP COM MAY 03 24 $44 (100 SHS) (Cash)", -INTC240503P44,"PUT (INTC) INTEL CORP COM MAY 03 24 $44 (100 SHS)",Cash,4.15,-1,,0.03,,414.97,3285.28,04/04/2024
04/03/2024,"YOU SOLD OPENING TRANSACTION PUT (F) FORD MTR CO DEL COM MAY 03 24 $12.5 (100 SHS) (Cash)", -F240503P12.5,"PUT (F) FORD MTR CO DEL COM MAY 03 24 $12.5 (100 SHS)",Cash,0.2,-1,,0.03,,19.97,2870.31,04/04/2024
04/03/2024,"YOU SOLD OPENING TRANSACTION PUT (AAL) AMERICAN AIRLINES MAY 03 24 $15 (100 SHS) (Cash)", -AAL240503P15,"PUT (AAL) AMERICAN AIRLINES MAY 03 24 $15 (100 SHS)",Cash,1.08,-1,,0.03,,107.97,2850.34,04/04/2024
04/03/2024,"YOU BOUGHT CLOSING TRANSACTION PUT (F) FORD MTR CO DEL COM APR 26 24 $12 (100 SHS) (Cash)", -F240426P12,"PUT (F) FORD MTR CO DEL COM APR 26 24 $12 (100 SHS)",Cash,0.1,1,,0.03,,-10.03,2742.37,04/04/2024
04/03/2024,"YOU BOUGHT CLOSING TRANSACTION PUT (AAL) AMERICAN AIRLINES APR 19 24 $15 (100 SHS) (Cash)", -AAL240419P15,"PUT (AAL) AMERICAN AIRLINES APR 19 24 $15 (100 SHS)",Cash,0.9,1,,0.03,,-90.03,2752.40,04/04/2024
04/03/2024,"YOU BOUGHT CLOSING TRANSACTION PUT (INTC) INTEL CORP COM APR 19 24 $44 (100 SHS) (Cash)", -INTC240419P44,"PUT (INTC) INTEL CORP COM APR 19 24 $44 (100 SHS)",Cash,3.47,1,,0.03,,-347.03,2842.43,04/04/2024
04/01/2024,"DIVIDEND RECEIVED as of Mar-28-2024 FIMM TREASURY ONLY PORTFOLIO: CL I (FSIXX) (Cash)",FSIXX,"FIMM TREASURY ONLY PORTFOLIO: CL I",Cash,,0.000,,,,-0.03,3189.46,
04/01/2024,"REINVESTMENT as of Mar-28-2024 FIMM TREASURY ONLY PORTFOLIO: CL I (FSIXX) (Cash)",FSIXX,"FIMM TREASURY ONLY PORTFOLIO: CL I",Cash,1,-0.03,,,,0.03,3189.49,
03/28/2024,"REINVESTMENT FIDELITY GOVERNMENT MONEY MARKET (SPAXX) (Cash)",SPAXX,"FIDELITY GOVERNMENT MONEY MARKET",Cash,1,12.77,,,,-12.77,3189.46,
03/28/2024,"DIVIDEND RECEIVED FIDELITY GOVERNMENT MONEY MARKET (SPAXX) (Cash)",SPAXX,"FIDELITY GOVERNMENT MONEY MARKET",Cash,,0.000,,,,12.77,3189.46,
03/28/2024,"REINVESTMENT FIMM TREASURY ONLY PORTFOLIO: CL I (FSIXX) (Cash)",FSIXX,"FIMM TREASURY ONLY PORTFOLIO: CL I",Cash,1,18.43,,,,-18.43,3176.69,
03/28/2024,"DIVIDEND RECEIVED FIMM TREASURY ONLY PORTFOLIO: CL I (FSIXX) (Cash)",FSIXX,"FIMM TREASURY ONLY PORTFOLIO: CL I",Cash,,0.000,,,,18.43,3195.12,
03/28/2024,"YOU SOLD OPENING TRANSACTION PUT (INTC) INTEL CORP COM APR 19 24 $44 (100 SHS) (Cash)", -INTC240419P44,"PUT (INTC) INTEL CORP COM APR 19 24 $44 (100 SHS)",Cash,1.21,-1,,0.03,,120.97,3176.69,04/01/2024
03/28/2024,"YOU BOUGHT CLOSING TRANSACTION PUT (INTC) INTEL CORP COM APR 19 24 $40 (100 SHS) (Cash)", -INTC240419P40,"PUT (INTC) INTEL CORP COM APR 19 24 $40 (100 SHS)",Cash,0.19,1,,0.03,,-19.03,3055.72,04/01/2024
03/28/2024,"REDEMPTION FROM CORE ACCOUNT FIMM TREASURY ONLY PORTFOLIO: CL I (FSIXX) (Cash)",FSIXX,"FIMM TREASURY ONLY PORTFOLIO: CL I",Cash,1,-63.12,,,,63.12,3074.75,
03/27/2024,"YOU BOUGHT CLOSING TRANSACTION PUT (AAL) AMERICAN AIRLINES APR 19 24 $13.5 (100 SHS) (Cash)", -AAL240419P13.5,"PUT (AAL) AMERICAN AIRLINES APR 19 24 $13.5 (100 SHS)",Cash,0.07,1,,0.03,,-7.03,3011.63,03/28/2024
03/27/2024,"YOU SOLD OPENING TRANSACTION PUT (AAL) AMERICAN AIRLINES APR 19 24 $15 (100 SHS) (Cash)", -AAL240419P15,"PUT (AAL) AMERICAN AIRLINES APR 19 24 $15 (100 SHS)",Cash,0.39,-1,,0.03,,38.97,3018.66,03/28/2024
03/27/2024,"YOU SOLD OPENING TRANSACTION PUT (INTC) INTEL CORP COM APR 19 24 $40 (100 SHS) (Cash)", -INTC240419P40,"PUT (INTC) INTEL CORP COM APR 19 24 $40 (100 SHS)",Cash,0.39,-1,,0.03,,38.97,2979.69,03/28/2024
03/27/2024,"YOU BOUGHT CLOSING TRANSACTION PUT (INTC) INTEL CORP COM APR 19 24 $43 (100 SHS) (Cash)", -INTC240419P43,"PUT (INTC) INTEL CORP COM APR 19 24 $43 (100 SHS)",Cash,1.34,1,,0.03,,-134.03,2940.72,03/28/2024
03/20/2024,"YOU SOLD OPENING TRANSACTION PUT (AAL) AMERICAN AIRLINES APR 19 24 $13.5 (100 SHS) (Cash)", -AAL240419P13.5,"PUT (AAL) AMERICAN AIRLINES APR 19 24 $13.5 (100 SHS)",Cash,0.18,-1,,0.03,,17.97,3074.75,03/21/2024
03/20/2024,"YOU SOLD OPENING TRANSACTION PUT (F) FORD MTR CO DEL COM APR 26 24 $12 (100 SHS) (Cash)", -F240426P12,"PUT (F) FORD MTR CO DEL COM APR 26 24 $12 (100 SHS)",Cash,0.21,-1,,0.03,,20.97,3056.78,03/21/2024
03/20/2024,"YOU BOUGHT CLOSING TRANSACTION PUT (AAL) AMERICAN AIRLINES APR 12 24 $13 (100 SHS) (Cash)", -AAL240412P13,"PUT (AAL) AMERICAN AIRLINES APR 12 24 $13 (100 SHS)",Cash,0.08,1,,0.03,,-8.03,3035.81,03/21/2024
03/20/2024,"YOU BOUGHT CLOSING TRANSACTION PUT (F) FORD MTR CO DEL COM APR 05 24 $12 (100 SHS) (Cash)", -F240405P12,"PUT (F) FORD MTR CO DEL COM APR 05 24 $12 (100 SHS)",Cash,0.08,1,,0.03,,-8.03,3043.84,03/21/2024
03/15/2024,"YOU SOLD OPENING TRANSACTION PUT (AAL) AMERICAN AIRLINES APR 12 24 $13 (100 SHS) (Cash)", -AAL240412P13,"PUT (AAL) AMERICAN AIRLINES APR 12 24 $13 (100 SHS)",Cash,0.17,-1,,0.03,,16.97,3051.87,03/18/2024
03/14/2024,"YOU BOUGHT CLOSING TRANSACTION PUT (INTC) INTEL CORP COM APR 05 24 $43 (100 SHS) (Cash)", -INTC240405P43,"PUT (INTC) INTEL CORP COM APR 05 24 $43 (100 SHS)",Cash,1.63,1,,0.03,,-163.03,3034.90,03/15/2024
03/14/2024,"YOU SOLD OPENING TRANSACTION PUT (INTC) INTEL CORP COM APR 19 24 $43 (100 SHS) (Cash)", -INTC240419P43,"PUT (INTC) INTEL CORP COM APR 19 24 $43 (100 SHS)",Cash,1.95,-1,,0.03,,194.97,3197.93,03/15/2024
03/14/2024,"REDEMPTION FROM CORE ACCOUNT FIMM TREASURY ONLY PORTFOLIO: CL I (FSIXX) (Cash)",FSIXX,"FIMM TREASURY ONLY PORTFOLIO: CL I",Cash,1,-72.03,,,,72.03,3002.96,
03/13/2024,"YOU BOUGHT CLOSING TRANSACTION PUT (AAL) AMERICAN AIRLINES MAR 28 24 $14.5 (100 SHS) (Cash)", -AAL240328P14.5,"PUT (AAL) AMERICAN AIRLINES MAR 28 24 $14.5 (100 SHS)",Cash,0.72,1,,0.03,,-72.03,2930.93,03/14/2024
03/04/2024,"YOU SOLD OPENING TRANSACTION PUT (INTC) INTEL CORP COM APR 05 24 $43 (100 SHS) (Cash)", -INTC240405P43,"PUT (INTC) INTEL CORP COM APR 05 24 $43 (100 SHS)",Cash,0.85,-1,,0.03,,84.97,3002.96,03/05/2024
03/04/2024,"YOU SOLD OPENING TRANSACTION PUT (F) FORD MTR CO DEL COM APR 05 24 $12 (100 SHS) (Cash)", -F240405P12,"PUT (F) FORD MTR CO DEL COM APR 05 24 $12 (100 SHS)",Cash,0.16,-1,,0.03,,15.97,2917.99,03/05/2024
03/04/2024,"YOU BOUGHT CLOSING TRANSACTION PUT (INTC) INTEL CORP COM MAR 28 24 $41 (100 SHS) (Cash)", -INTC240328P41,"PUT (INTC) INTEL CORP COM MAR 28 24 $41 (100 SHS)",Cash,0.3,1,,0.03,,-30.03,2902.02,03/05/2024
03/04/2024,"REDEMPTION FROM CORE ACCOUNT FIMM TREASURY ONLY PORTFOLIO: CL I (FSIXX) (Cash)",FSIXX,"FIMM TREASURY ONLY PORTFOLIO: CL I",Cash,1,-90.03,,,,90.03,2932.05,
03/01/2024,"YOU BOUGHT CLOSING TRANSACTION PUT (NYCB) NEW YORK COMMUNITY APR 19 24 $4 (100 SHS) (Cash)", -NYCB240419P4,"PUT (NYCB) NEW YORK COMMUNITY APR 19 24 $4 (100 SHS)",Cash,0.9,1,,0.03,,-90.03,2842.02,03/04/2024
02/29/2024,"REINVESTMENT FIDELITY GOVERNMENT MONEY MARKET (SPAXX) (Cash)",SPAXX,"FIDELITY GOVERNMENT MONEY MARKET",Cash,1,7.7,,,,-7.7,2932.05,
02/29/2024,"DIVIDEND RECEIVED FIDELITY GOVERNMENT MONEY MARKET (SPAXX) (Cash)",SPAXX,"FIDELITY GOVERNMENT MONEY MARKET",Cash,,0.000,,,,7.7,2932.05,
02/29/2024,"REINVESTMENT FIMM TREASURY ONLY PORTFOLIO: CL I (FSIXX) (Cash)",FSIXX,"FIMM TREASURY ONLY PORTFOLIO: CL I",Cash,1,2.2,,,,-2.2,2924.35,
02/29/2024,"DIVIDEND RECEIVED FIMM TREASURY ONLY PORTFOLIO: CL I (FSIXX) (Cash)",FSIXX,"FIMM TREASURY ONLY PORTFOLIO: CL I",Cash,,0.000,,,,2.2,2926.55,
02/29/2024,"REDEMPTION FROM CORE ACCOUNT FIMM TREASURY ONLY PORTFOLIO: CL I (FSIXX) (Cash)",FSIXX,"FIMM TREASURY ONLY PORTFOLIO: CL I",Cash,1,-1200,,,,1200,2924.35,
02/28/2024,"YOU BOUGHT PROSPECTUS UNDER SEPARATE COVER FIMM TREASURY ONLY PORTFOLIO: CL I (FSIXX) (Cash)",FSIXX,"FIMM TREASURY ONLY PORTFOLIO: CL I",Cash,1,1200,,,,-1200,1724.35,02/28/2024
02/27/2024,"YOU SOLD OPENING TRANSACTION PUT (AAL) AMERICAN AIRLINES MAR 28 24 $14.5 (100 SHS) (Cash)", -AAL240328P14.5,"PUT (AAL) AMERICAN AIRLINES MAR 28 24 $14.5 (100 SHS)",Cash,0.23,-1,,0.03,,22.97,2924.35,02/28/2024
02/27/2024,"YOU SOLD OPENING TRANSACTION PUT (NYCB) NEW YORK COMMUNITY APR 19 24 $4 (100 SHS) (Cash)", -NYCB240419P4,"PUT (NYCB) NEW YORK COMMUNITY APR 19 24 $4 (100 SHS)",Cash,0.3,-1,,0.03,,29.97,2901.38,02/28/2024
02/27/2024,"REDEMPTION FROM CORE ACCOUNT FIMM TREASURY ONLY PORTFOLIO: CL I (FSIXX) (Cash)",FSIXX,"FIMM TREASURY ONLY PORTFOLIO: CL I",Cash,1,-34.06,,,,34.06,2871.41,
02/26/2024,"REINVESTMENT FIMM TREASURY PORTFOLIO: CL I (FISXX) (Cash)",FISXX,"FIMM TREASURY PORTFOLIO: CL I",Cash,1,15.96,,,,-15.96,2837.35,
02/26/2024,"DIVIDEND RECEIVED FIMM TREASURY PORTFOLIO: CL I (FISXX) (Cash)",FISXX,"FIMM TREASURY PORTFOLIO: CL I",Cash,,0.000,,,,15.96,2853.31,
02/26/2024,"YOU BOUGHT CLOSING TRANSACTION PUT (NYCB) NEW YORK COMMUNITY MAR 22 24 $4 (100 SHS) (Cash)", -NYCB240322P4,"PUT (NYCB) NEW YORK COMMUNITY MAR 22 24 $4 (100 SHS)",Cash,0.24,1,,0.03,,-24.03,2837.35,02/27/2024
02/26/2024,"YOU BOUGHT CLOSING TRANSACTION PUT (AAL) AMERICAN AIRLINES MAR 22 24 $13.5 (100 SHS) (Cash)", -AAL240322P13.5,"PUT (AAL) AMERICAN AIRLINES MAR 22 24 $13.5 (100 SHS)",Cash,0.1,1,,0.03,,-10.03,2861.38,02/27/2024
02/26/2024,"YOU SOLD EXCHANGE FIMM TREASURY PORTFOLIO: CL I (FISXX) (Cash)",FISXX,"FIMM TREASURY PORTFOLIO: CL I",Cash,1,-4326.77,,,,4326.77,2871.41,02/26/2024
02/26/2024,"YOU BOUGHT PROSPECTUS UNDER SEPARATE COVER EXCHANGE FIMM TREASURY ONLY PORTFOLIO: CL I (FSIXX) (Cash)",FSIXX,"FIMM TREASURY ONLY PORTFOLIO: CL I",Cash,1,4326.77,,,,-4326.77,-1455.36,02/26/2024
02/26/2024,"REDEMPTION FROM CORE ACCOUNT FIMM TREASURY ONLY PORTFOLIO: CL I (FSIXX) (Cash)",FSIXX,"FIMM TREASURY ONLY PORTFOLIO: CL I",Cash,1,-1332.22,,,,1332.22,2871.41,
02/23/2024,"YOU BOUGHT PROSPECTUS UNDER SEPARATE COVER FIMM TREASURY ONLY PORTFOLIO: CL I (FSIXX) (Cash)",FSIXX,"FIMM TREASURY ONLY PORTFOLIO: CL I",Cash,1,1332.22,,,,-1332.22,1539.19,02/23/2024
02/20/2024,"YOU SOLD OPENING TRANSACTION PUT (NYCB) NEW YORK COMMUNITY MAR 22 24 $4 (100 SHS) (Cash)", -NYCB240322P4,"PUT (NYCB) NEW YORK COMMUNITY MAR 22 24 $4 (100 SHS)",Cash,0.35,-1,,0.03,,34.97,2871.41,02/21/2024
02/20/2024,"TRANSFERRED FROM VS X41-493805-1 (Cash)", ,"No Description",Cash,,0.000,,,,1000,2836.44,
02/12/2024,"YOU SOLD OPENING TRANSACTION PUT (INTC) INTEL CORP COM MAR 28 24 $41 (100 SHS) (Cash)", -INTC240328P41,"PUT (INTC) INTEL CORP COM MAR 28 24 $41 (100 SHS)",Cash,0.75,-1,,0.03,,74.97,1836.44,02/13/2024
02/12/2024,"YOU SOLD OPENING TRANSACTION PUT (AAL) AMERICAN AIRLINES MAR 22 24 $13.5 (100 SHS) (Cash)", -AAL240322P13.5,"PUT (AAL) AMERICAN AIRLINES MAR 22 24 $13.5 (100 SHS)",Cash,0.23,-1,,0.03,,22.97,1761.47,02/13/2024
02/12/2024,"YOU BOUGHT CLOSING TRANSACTION PUT (AAL) AMERICAN AIRLINES MAR 15 24 $13 (100 SHS) (Cash)", -AAL240315P13,"PUT (AAL) AMERICAN AIRLINES MAR 15 24 $13 (100 SHS)",Cash,0.12,1,,0.03,,-12.03,1738.50,02/13/2024
02/12/2024,"YOU BOUGHT CLOSING TRANSACTION PUT (INTC) INTEL CORP COM MAR 15 24 $40 (100 SHS) (Cash)", -INTC240315P40,"PUT (INTC) INTEL CORP COM MAR 15 24 $40 (100 SHS)",Cash,0.38,1,,0.03,,-38.03,1750.53,02/13/2024
02/05/2024,"YOU SOLD OPENING TRANSACTION PUT (INTC) INTEL CORP COM MAR 15 24 $40 (100 SHS) (Cash)", -INTC240315P40,"PUT (INTC) INTEL CORP COM MAR 15 24 $40 (100 SHS)",Cash,0.75,-1,,0.03,,74.97,1788.56,02/06/2024
02/05/2024,"TRANSFERRED FROM VS X41-493805-1 (Cash)", ,"No Description",Cash,,0.000,,,,1000,1713.59,
02/02/2024,"YOU SOLD OPENING TRANSACTION PUT (AAL) AMERICAN AIRLINES MAR 15 24 $13 (100 SHS) (Cash)", -AAL240315P13,"PUT (AAL) AMERICAN AIRLINES MAR 15 24 $13 (100 SHS)",Cash,0.21,-1,,0.03,,20.97,713.59,02/05/2024
01/31/2024,"REINVESTMENT FIMM TREASURY PORTFOLIO: CL I (FISXX) (Cash)",FISXX,"FIMM TREASURY PORTFOLIO: CL I",Cash,1,14.9,,,,-14.9,692.62,
01/31/2024,"DIVIDEND RECEIVED FIMM TREASURY PORTFOLIO: CL I (FISXX) (Cash)",FISXX,"FIMM TREASURY PORTFOLIO: CL I",Cash,,0.000,,,,14.9,707.52,
01/31/2024,"REINVESTMENT FIDELITY GOVERNMENT MONEY MARKET (SPAXX) (Cash)",SPAXX,"FIDELITY GOVERNMENT MONEY MARKET",Cash,1,4.65,,,,-4.65,692.62,
01/31/2024,"DIVIDEND RECEIVED FIDELITY GOVERNMENT MONEY MARKET (SPAXX) (Cash)",SPAXX,"FIDELITY GOVERNMENT MONEY MARKET",Cash,,0.000,,,,4.65,692.62,
01/30/2024,"YOU BOUGHT OPENING TRANSACTION PUT (DAL) DELTA AIR LINES INC FEB 16 24 $36 (100 SHS) (Cash)", -DAL240216P36,"PUT (DAL) DELTA AIR LINES INC FEB 16 24 $36 (100 SHS)",Cash,0.12,1,,0.03,,-12.03,687.97,01/31/2024
01/17/2024,"REDEMPTION FROM CORE ACCOUNT FIMM TREASURY PORTFOLIO: CL I (FISXX) (Cash)",FISXX,"FIMM TREASURY PORTFOLIO: CL I",Cash,1,-55.03,,,,55.03,700.00,
01/16/2024,"YOU BOUGHT CLOSING TRANSACTION PUT (NIO) NIO INC SPON ADS JAN 26 24 $7 (100 SHS) (Cash)", -NIO240126P7,"PUT (NIO) NIO INC SPON ADS JAN 26 24 $7 (100 SHS)",Cash,0.55,1,,0.03,,-55.03,644.97,01/17/2024
01/16/2024,"REDEMPTION FROM CORE ACCOUNT FIMM TREASURY PORTFOLIO: CL I (FISXX) (Cash)",FISXX,"FIMM TREASURY PORTFOLIO: CL I",Cash,1,-660.03,,,,660.03,700.00,
01/12/2024,"YOU SOLD OPENING TRANSACTION PUT (DAL) DELTA AIR LINES INC FEB 16 24 $36 (100 SHS) (Cash)", -DAL240216P36,"PUT (DAL) DELTA AIR LINES INC FEB 16 24 $36 (100 SHS)",Cash,0.4,-1,,0.03,,39.97,39.97,01/16/2024
01/12/2024,"YOU BOUGHT PROSPECTUS UNDER SEPARATE COVER FIMM TREASURY PORTFOLIO: CL I (FISXX) (Cash)",FISXX,"FIMM TREASURY PORTFOLIO: CL I",Cash,1,700,,,,-700,0.00,01/12/2024
01/09/2024,"REDEMPTION FROM CORE ACCOUNT FIMM TREASURY PORTFOLIO: CL I (FISXX) (Cash)",FISXX,"FIMM TREASURY PORTFOLIO: CL I",Cash,1,-689.03,,,,689.03,700.00,
01/08/2024,"YOU BOUGHT PROSPECTUS UNDER SEPARATE COVER UNSOLICITED ORDER FIMM TREASURY PORTFOLIO: CL I (FISXX) (Cash)",FISXX,"FIMM TREASURY PORTFOLIO: CL I",Cash,1,3790.06,,,,-3790.06,10.97,01/08/2024
01/08/2024,"YOU BOUGHT PROSPECTUS UNDER SEPARATE COVER UNSOLICITED ORDER FIMM TREASURY PORTFOLIO: CL I (FISXX) (Cash)",FISXX,"FIMM TREASURY PORTFOLIO: CL I",Cash,1,700,,,,-700,3801.03,01/08/2024
01/05/2024,"YOU SOLD OPENING TRANSACTION PUT (NIO) NIO INC SPON ADS JAN 26 24 $7 (100 SHS) (Cash)", -NIO240126P7,"PUT (NIO) NIO INC SPON ADS JAN 26 24 $7 (100 SHS)",Cash,0.11,-1,,0.03,,10.97,4501.03,01/08/2024
01/04/2024,"TRANSFERRED FROM VS Z09-630438-1 (Cash)", ,"No Description",Cash,,0.000,,,,290.02,4490.06,
01/04/2024,"TRANSFERRED FROM VS X69-607643-1 (Cash)", ,"No Description",Cash,,0.000,,,,4200,4200.04,



"The data and information in this spreadsheet is provided to you solely for your use and is not for distribution. The spreadsheet is provided for"
"informational purposes only, and is not intended to provide advice, nor should it be construed as an offer to sell, a solicitation of an offer to buy or a"
"recommendation for any security or insurance product by Fidelity or any third party. Data and information shown is based on information known to Fidelity as of the date it was"
"exported and is subject to change. It should not be used in place of your account statements or trade confirmations and is not intended for tax reporting"
"purposes. For more information on the data included in this spreadsheet, including any limitations thereof, go to Fidelity.com."

"Brokerage services are provided by Fidelity Brokerage Services LLC (FBS), 900 Salem Street, Smithfield, RI 02917. Custody and other services provided by National"
"Financial Services LLC (NFS). Both are Fidelity Investment companies and members SIPC, NYSE. Insurance products at Fidelity are distributed by"
"Fidelity Insurance Agency, Inc., and, for certain products, by Fidelity Brokerage Services, Member NYSE, SIPC."

Date downloaded 04/12/2026 12:58 am